
@article{Cantor1878,
  author    = {Georg Cantor},
  title     = {Beiträge zur Begründung der transfiniten Mengenlehre},
  journal   = {Mathematische Annalen},
  volume    = {46},
  year      = {1878},
  pages     = {481--512}
}

@article{Collatz1937,
  author    = {Lothar Collatz},
  title     = {On an unsolved problem in arithmetic},
  journal   = {Mathematische Zeitschrift},
  volume    = {48},
  year      = {1937},
  pages     = {571--576}
}

@book{Kunen2011,
  author    = {Kenneth Kunen},
  title     = {Set Theory: The Third Millennium Edition},
  publisher = {Cambridge University Press},
  year      = {2011}
}
